%!TEX program = bibtex
%!TEX root = main.tex
